@inproceedings{I08_adassxxxii,
    title     = "Software Architecture and System Design of Rubin Observatory",
    author    = "O'Mullane, William and others",
    booktitle = "ADASS XXXII",
    year      = 2023,
    editor    = {{Gaudet}, S. and {Gwyn}, S. and {Dowler}, P. and {Bohlender}, D. and {Hincks}, A.},
    volume    = "TBD",
    series    = "ASP Conf. Ser.",
    pages     = "TBD",
    publisher = "ASP",
    address   = "San Francisco",
}

@inproceedings{P52_adassxxxii,
   title = {“Adding Workflow Management Flexibility to LSST Pipelines Execution”},
 author   = {Gower, Michelle and others},
 booktitle = {ADASS XXXII},
    year = 2023,
   editor = {{Gaudet}, S. and {Gwyn}, S. and {Dowler}, P. and {Bohlender}, D. and {Hincks}, A.},
   volume = {TBD},
   series = {ASP Conf.\ Ser.},
   pages = {TBD},
 publisher = {ASP},
  address ={San Francisco},
}

@INPROCEEDINGS{2022SPIE12189E..11J,
       author = {{Jenness}, Tim and others},
        title = "{The Vera C. Rubin Observatory Data Butler and pipeline execution system}",
     keywords = {Astrophysics - Instrumentation and Methods for Astrophysics, Computer Science - Distributed, Parallel, and Cluster Computing},
    booktitle = {Software and Cyberinfrastructure for Astronomy VII},
         year = 2022,
       series = {Proc.\ SPIE},
       volume = {12189},
        month = aug,
          eid = {1218911},
        pages = {1218911},
          doi = {10.1117/12.2629569},
archivePrefix = {arXiv},
       eprint = {arXiv:2206.14941},
 primaryClass = {astro-ph.IM},
       adsurl = {https://ui.adsabs.harvard.edu/abs/2022SPIE12189E..11J},
      adsnote = {Provided by the SAO/NASA Astrophysics Data System}
}

@ARTICLE{2018PASJ...70S...5B,
   author = {{Bosch}, J. and others},
    title = "{The Hyper Suprime-Cam software pipeline}",
  journal = {\pasj},
archivePrefix = "arXiv",
   eprint = {arXiv:1705.06766},
 primaryClass = "astro-ph.IM",
 keywords = {methods: data analysis, surveys, techniques: image processing},
     year = 2018,
    month = jan,
   volume = 70,
      eid = {S5},
    pages = {S5},
      doi = {10.1093/pasj/psx080},
   adsurl = {http://adsabs.harvard.edu/abs/2018PASJ...70S...5B},
  adsnote = {Provided by the SAO/NASA Astrophysics Data System}
}

@article{2019ApJ...873..111I,
  author        = {{Ivezi{\'c}}, {\v Z}. and others},
  title         = {{LSST: From Science Drivers to Reference Design and Anticipated Data Products}},
  journal       = {\apj},
  archiveprefix = {arXiv},
  eprint        = {arXiv:0805.2366},
  keywords      = {astrometry, cosmology: observations, Galaxy: general, methods: observational, stars: general, surveys},
  year          = 2019,
  month         = mar,
  volume        = 873,
  eid           = {111},
  pages         = {111},
  doi           = {10.3847/1538-4357/ab042c},
  adsurl        = {http://adsabs.harvard.edu/abs/2019ApJ...873..111I},
  adsnote       = {Provided by the SAO/NASA Astrophysics Data System}
}
