@inproceedings{I08_adassxxxii,
    title     = "Software Architecture and System Design of Rubin Observatory",
    author    = "O'Mullane, William and others",
    booktitle = "ADASS XXXII",
    year      = 2023,
    editor    = {{Gaudet}, S. and {Gwyn}, S. and {Dowler}, P. and {Bohlender}, D. and {Hincks}, A.},
    volume    = "TBD",
    series    = "ASP Conf. Ser.",
    pages     = "TBD",
    publisher = "ASP",
    address   = "San Francisco",
}

@inproceedings{P52_adassxxxii,
   title = {“Adding Workflow Management Flexibility to LSST Pipelines Execution”},
 author   = {Gower, Michelle and others},
 booktitle = {ADASS XXXII},
    year = 2023,
   editor = {{Gaudet}, S. and {Gwyn}, S. and {Dowler}, P. and {Bohlender}, D. and {Hincks}, A.},
   volume = {TBD},
   series = {ASP Conf.\ Ser.},
   pages = {TBD},
 publisher = {ASP},
  address ={San Francisco},
}

@INPROCEEDINGS{2022SPIE12189E..11J,
       author = {{Jenness}, Tim and others},
        title = "{The Vera C. Rubin Observatory Data Butler and pipeline execution system}",
     keywords = {Astrophysics - Instrumentation and Methods for Astrophysics, Computer Science - Distributed, Parallel, and Cluster Computing},
    booktitle = {Software and Cyberinfrastructure for Astronomy VII},
         year = 2022,
       series = {Proc.\ SPIE},
       volume = {12189},
        month = aug,
          eid = {1218911},
        pages = {1218911},
          doi = {10.1117/12.2629569},
archivePrefix = {arXiv},
       eprint = {arXiv:2206.14941},
 primaryClass = {astro-ph.IM},
       adsurl = {https://ui.adsabs.harvard.edu/abs/2022SPIE12189E..11J},
      adsnote = {Provided by the SAO/NASA Astrophysics Data System}
}
